%
%  An example of a bibliographical database for bibTeX
%
%  Recommended software for maintenance of *.bib files:
%    JabRef, http://jabref.sourceforge.net/
%
%  BEWARE:
%
%    *  If a name contains a capital letter, which must be kept such,
%       use curly brackets ({T}hailand, {HIV}).
%
%  ===========================================================================

@article{cunha2017determining,
  title={Determining Song Similarity via Machine Learning Techniques and Tagging Information},
  author={Cunha, Renato LF and Caldeira, Evandro and Fujii, Luciana},
  journal={arXiv preprint arXiv:1704.03844},
  year={2017}
}

@article{freitag2017audeep,
  title={audeep: Unsupervised learning of representations from audio with deep recurrent neural networks},
  author={Freitag, Michael and Amiriparian, Shahin and Pugachevskiy, Sergey and Cummins, Nicholas and Schuller, Bj{\"o}rn},
  journal={The Journal of Machine Learning Research},
  volume={18},
  number={1},
  pages={6340--6344},
  year={2017},
  publisher={JMLR. org}
}

@phdthesis{Schlüter_2017,
author={Jan, Schlüter},
title={Deep Learning for Event Detection, Sequence Labelling and Similarity Estimation in Music Signals},
school={Johannes Kepler University Linz},
year={2017}
}

@article{DBLP:journals/corr/Tsaptsinos17,
  author    = {Alexandros Tsaptsinos},
  title     = {Lyrics-Based Music Genre Classification Using a Hierarchical Attention
               Network},
  journal   = {CoRR},
  volume    = {abs/1707.04678},
  year      = {2017},
  url       = {http://arxiv.org/abs/1707.04678},
  archivePrefix = {arXiv},
  eprint    = {1707.04678},
  timestamp = {Mon, 13 Aug 2018 16:47:25 +0200},
  biburl    = {https://dblp.org/rec/bib/journals/corr/Tsaptsinos17},
  bibsource = {dblp computer science bibliography, https://dblp.org}
}

%echonest dataset 
@INPROCEEDINGS{Bertin-Mahieux2011,
  author = {Thierry Bertin-Mahieux and Daniel P.W. Ellis and Brian Whitman and Paul Lamere},
  title = {The Million Song Dataset},
  booktitle = {{Proceedings of the 12th International Conference on Music Information
	Retrieval ({ISMIR} 2011)}},
  year = {2011},
  owner = {thierry},
  timestamp = {2010.03.07}
}
%studie ruznych recommendation systemu
@article{DBLP:journals/corr/abs-1712-07525,
  author    = {Ayush Singhal and
               Pradeep Sinha and
               Rakesh Pant},
  title     = {Use of Deep Learning in Modern Recommendation System: {A} Summary
               of Recent Works},
  journal   = {CoRR},
  volume    = {abs/1712.07525},
  year      = {2017},
  url       = {http://arxiv.org/abs/1712.07525},
  archivePrefix = {arXiv},
  eprint    = {1712.07525},
  timestamp = {Mon, 13 Aug 2018 16:47:36 +0200},
  biburl    = {https://dblp.org/rec/bib/journals/corr/abs-1712-07525},
  bibsource = {dblp computer science bibliography, https://dblp.org}
}

@inproceedings{inproceedings,
author = {Patra, Braja and Das, Dipankar and Bandyopadhyay, Sivaji},
year = {2017},
month = {12},
pages = {},
title = {Retrieving Similar Lyrics for Music Recommendation System}
}

@inproceedings{van2013deep,
  title={Deep content-based music recommendation},
  author={Van den Oord, Aaron and Dieleman, Sander and Schrauwen, Benjamin},
  booktitle={Advances in neural information processing systems},
  pages={2643--2651},
  year={2013}
}

@incollection{NIPS2009_3674,
title = {Unsupervised feature learning for audio classification using convolutional deep belief networks},
author = {Lee, Honglak and Peter Pham and Yan Largman and Andrew Y. Ng},
booktitle = {Advances in Neural Information Processing Systems 22},
editor = {Y. Bengio and D. Schuurmans and J. D. Lafferty and C. K. I. Williams and A. Culotta},
pages = {1096--1104},
year = {2009},
publisher = {Curran Associates, Inc.},
url = {http://papers.nips.cc/paper/3674-unsupervised-feature-learning-for-audio-classification-using-convolutional-deep-belief-networks.pdf}
}

@inproceedings{wang2014improving,
  title={Improving content-based and hybrid music recommendation using deep learning},
  author={Wang, Xinxi and Wang, Ye},
  booktitle={Proceedings of the 22nd ACM international conference on Multimedia},
  pages={627--636},
  year={2014},
  organization={ACM}
}

@article{giannakopoulos2015pyaudioanalysis,
  title={pyaudioanalysis: An open-source python library for audio signal analysis},
  author={Giannakopoulos, Theodoros},
  journal={PloS one},
  volume={10},
  number={12},
  pages={e0144610},
  year={2015},
  publisher={Public Library of Science}
}


@inproceedings{1989534,
  author       = {Dieleman, Sander and Brakel, Phil{\'e}mon and Schrauwen, Benjamin},
  booktitle    = {Proceedings of the 12th international society for music information retrieval conference : Proc. ISMIR 2011},
  editor       = {Klapuri, Anssi and Leider, Colby},
  isbn         = {9780615548654},
  language     = {eng},
  location     = {Miami, FL, USA},
  pages        = {669--674},
  publisher    = {University of Miami},
  title        = {Audio-based music classification with a pretrained convolutional network},
  year         = {2011},
}

@inproceedings{Gossi2016LyricBasedMR,
  title={Lyric-Based Music Recommendation},
  author={Derek Gossi and Mehmet Hadi Gunes},
  booktitle={CompleNet},
  year={2016}
}

%obrazek W2V
@phdthesis{phdthesis,
author = {Çano, Erion},
year = {2018},
month = {06},
pages = {},
title = {Text-based Sentiment Analysis and Music Emotion Recognition},
doi = {10.13140/RG.2.2.29958.06728}
}
@article{DBLP:journals/corr/abs-1301-3781,
  author    = {Tomas Mikolov and
               Kai Chen and
               Greg Corrado and
               Jeffrey Dean},
  title     = {Efficient Estimation of Word Representations in Vector Space},
  journal   = {CoRR},
  volume    = {abs/1301.3781},
  year      = {2013},
  url       = {http://arxiv.org/abs/1301.3781},
  archivePrefix = {arXiv},
  eprint    = {1301.3781},
  timestamp = {Mon, 13 Aug 2018 16:48:33 +0200},
  biburl    = {https://dblp.org/rec/bib/journals/corr/abs-1301-3781},
  bibsource = {dblp computer science bibliography, https://dblp.org}
}

@INPROCEEDINGS{6854950, 
author={S. {Dieleman} and B. {Schrauwen}}, 
booktitle={2014 IEEE International Conference on Acoustics, Speech and Signal Processing (ICASSP)}, 
title={End-to-end learning for music audio}, 
year={2014}, 
volume={}, 
number={}, 
pages={6964-6968}, 
keywords={content-based retrieval;learning (artificial intelligence);music;end-to-end learning;music audio;content-based music information retrieval tasks;convolutional neural networks training;automatic tagging task;spectrogram-based approach;frequency decompositions;raw audio;phase-and translation-invariant feature representations;Convolution;Spectrogram;Neural networks;Music information retrieval;Speech;Computer architecture;feature learning;end-to-end learning;convolutional neural networks;music information retrieval;automatic tagging}, 
doi={10.1109/ICASSP.2014.6854950}, 
ISSN={1520-6149}, 
month={May},}

@inproceedings{ Ramakrishnan2017song2V,
  title={song 2 vec : Determining Song Similarity using Deep Unsupervised Learning},
  author={Prasanna Ramakrishnan},
  year={2017}
}

% keras library
@misc{chollet2015keras,
  title={Keras},
  author={Chollet, Fran\c{c}ois and others},
  year={2015},
  howpublished={\url{https://keras.io}},
}

% na strane 550 rika, ze se ma na SOM pouzivat 5*sqrt(N) grid
@inproceedings{DBLP:conf/iwann/JarrahiSRJR15,
  author    = {Mohammad Amin Jarrahi and
               Haidar Samet and
               Hossein Raayatpisheh and
               Ahmad Jafari and
               Mohsen Rakhshan},
  editor    = {Ignacio Rojas and
               Gonzalo Joya Caparr{\'{o}}s and
               Andreu Catal{\`{a}}},
  title     = {An ANFIS-Based Fault Classification Approach in Double-Circuit Transmission
               Line Using Current Samples},
  booktitle = {Advances in Computational Intelligence - 13th International Work-Conference
               on Artificial Neural Networks, {IWANN} 2015, Palma de Mallorca, Spain,
               June 10-12, 2015. Proceedings, Part {II}},
  series    = {Lecture Notes in Computer Science},
  volume    = {9095},
  pages     = {550},
  publisher = {Springer},
  year      = {2015},
  url       = {https://doi.org/10.1007/978-3-319-19222-2\_19},
  doi       = {10.1007/978-3-319-19222-2\_19},
  timestamp = {Fri, 02 Nov 2018 00:00:00 +0100},
  biburl    = {https://dblp.org/rec/bib/conf/iwann/JarrahiSRJR15},
  bibsource = {dblp computer science bibliography, https://dblp.org}
}

% lyrics genre classification
@article{DBLP:journals/corr/Tsaptsinos17,
  author    = {Alexandros Tsaptsinos},
  title     = {Lyrics-Based Music Genre Classification Using a Hierarchical Attention
               Network},
  journal   = {CoRR},
  volume    = {abs/1707.04678},
  year      = {2017},
  url       = {http://arxiv.org/abs/1707.04678},
  archivePrefix = {arXiv},
  eprint    = {1707.04678},
  timestamp = {Mon, 13 Aug 2018 16:47:25 +0200},
  biburl    = {https://dblp.org/rec/bib/journals/corr/Tsaptsinos17},
  bibsource = {dblp computer science bibliography, https://dblp.org}
}
% lyrics genre classification and 
@inproceedings{Fell2014LyricsbasedAA,
  title={Lyrics-based Analysis and Classification of Music},
  author={Michael Fell and Caroline Sporleder},
  booktitle={COLING},
  year={2014}
}

% doc2vec paper
@article{DBLP:journals/corr/LeM14,
  author    = {Quoc V. Le and
               Tomas Mikolov},
  title     = {Distributed Representations of Sentences and Documents},
  journal   = {CoRR},
  volume    = {abs/1405.4053},
  year      = {2014},
  url       = {http://arxiv.org/abs/1405.4053},
  archivePrefix = {arXiv},
  eprint    = {1405.4053},
  timestamp = {Mon, 13 Aug 2018 16:48:49 +0200},
  biburl    = {https://dblp.org/rec/bib/journals/corr/LeM14},
  bibsource = {dblp computer science bibliography, https://dblp.org}
}

%self organizing maps papre
@Article{Kohonen1982,
author="Kohonen, Teuvo",
title="Self-organized formation of topologically correct feature maps",
journal="Biological Cybernetics",
year="1982",
month="Jan",
day="01",
volume="43",
number="1",
pages="59--69",
issn="1432-0770",
doi="10.1007/BF00337288",
url="https://doi.org/10.1007/BF00337288"
}

%SOM learning info
@misc{SOM_training,
  title = {The Self Organizing Map SOM},
  howpublished = {\url{http://www.cis.hut.fi/research/reports/quinquennial/ch1.ps}},
  author = {Teuvo Kohonen}
  note = {Accessed: 2019-03-16}
}

%human perception of pitch and loudness
@inproceedings{mel_scale_fit,
author = {Umesh, S and Cohen, Leon and Nelson, Douglas},
year = {1999},
month = {04},
pages = {217 - 220 vol.1},
title = {Fitting the Mel scale},
volume = {1},
isbn = {0-7803-5041-3},
doi = {10.1109/ICASSP.1999.758101}
}

%prvni mel scale
@ARTICLE{1937ASAJ....8..185S,
   author = {{Stevens}, S.~S.},
    title = "{A Scale for the Measurement of the Psychological Magnitude Pitch}",
  journal = {Acoustical Society of America Journal},
     year = 1937,
   volume = 8,
    pages = {185},
      doi = {10.1121/1.1915893},
   adsurl = {http://adsabs.harvard.edu/abs/1937ASAJ....8..185S},
  adsnote = {Provided by the SAO/NASA Astrophysics Data System}
}

% CNN that outperformed them all
@inproceedings{Krizhevsky:2012:ICD:2999134.2999257,
 author = {Krizhevsky, Alex and Sutskever, Ilya and Hinton, Geoffrey E.},
 title = {ImageNet Classification with Deep Convolutional Neural Networks},
 booktitle = {Proceedings of the 25th International Conference on Neural Information Processing Systems - Volume 1},
 series = {NIPS'12},
 year = {2012},
 location = {Lake Tahoe, Nevada},
 pages = {1097--1105},
 numpages = {9},
 url = {http://dl.acm.org/citation.cfm?id=2999134.2999257},
 acmid = {2999257},
 publisher = {Curran Associates Inc.},
 address = {USA},
} 

% inspirace pro moje Neural networky
@inproceedings{inproceedings_RNNs,
author = {Amiriparian, Shahin and Freitag, Michael and Cummins, Nicholas and Schuller, Björn},
year = {2017},
month = {11},
pages = {},
title = {SEQUENCE TO SEQUENCE AUTOENCODERS FOR UNSUPERVISED REPRESENTATION LEARNING FROM AUDIO}
}

% minisom library
@misc{Vettigli2019,
  author = {Vettigli, G.},
  title = {MiniSom},
  year = {2019},
  publisher = {GitHub},
  journal = {GitHub repository},
  howpublished = {\url{https://github.com/JustGlowing/minisom}},
  commit = {f36205ce31562194615f7b0ef2b57d20edef65d6}
}

%librosa library
@misc{brian_mcfee_2019_2564164,
  author       = {Brian McFee and
                  Matt McVicar and
                  Stefan Balke and
                  Vincent Lostanlen and
                  Carl Thomé and
                  Colin Raffel and
                  Dana Lee and
                  Kyungyun Lee and
                  Oriol Nieto and
                  Frank Zalkow and
                  Dan Ellis and
                  Eric Battenberg and
                  Ryuichi Yamamoto and
                  Josh Moore and
                  Ziyao Wei and
                  Rachel Bittner and
                  Keunwoo Choi and
                  nullmightybofo and
                  Pius Friesch and
                  Fabian-Robert Stöter and
                  Thassilo and
                  Matt Vollrath and
                  Siddhartha Kumar Golu and
                  nehz and
                  Simon Waloschek and
                  Seth and
                  Rimvydas Naktinis and
                  Douglas Repetto and
                  Curtis "Fjord" Hawthorne and
                  CJ Carr},
  title        = {librosa/librosa: 0.6.3},
  month        = feb,
  year         = 2019,
  doi          = {10.5281/zenodo.2564164},
  url          = {https://doi.org/10.5281/zenodo.2564164}
}

% restricted Boltzman machines
@inproceedings{Smolensky1986InformationPI,
  title={Information Processing in Dynamical Systems: Foundations of Harmony Theory ; CU-CS-321-86},
  author={Paul Smolensky},
  year={1986}
}

%deep belief networks
@article {Hinton504,
	author = {Hinton, G. E. and Salakhutdinov, R. R.},
	title = {Reducing the Dimensionality of Data with Neural Networks},
	volume = {313},
	number = {5786},
	pages = {504--507},
	year = {2006},
	doi = {10.1126/science.1127647},
	publisher = {American Association for the Advancement of Science},
	issn = {0036-8075},
	URL = {https://science.sciencemag.org/content/313/5786/504},
	eprint = {https://science.sciencemag.org/content/313/5786/504.full.pdf},
	journal = {Science}
}

%LSTM architecture
@article{doi:10.1162/neco.1997.9.8.1735,
author = {Hochreiter, Sepp and Schmidhuber, Jürgen},
title = {Long Short-Term Memory},
journal = {Neural Computation},
volume = {9},
number = {8},
pages = {1735-1780},
year = {1997},
doi = {10.1162/neco.1997.9.8.1735},

URL = { 
        https://doi.org/10.1162/neco.1997.9.8.1735
    
},
eprint = { 
        https://doi.org/10.1162/neco.1997.9.8.1735
    
}}